@article{mrs_system,
  author = {Baca, Tomas and Petrlik, Matej and Vrba, Matous and Spurny, Vojtech and Penicka, Robert and Hert, Daniel and Saska, Martin},
  issue = {1},
  journal = {{Journal of Intelligent {\&} Robotic Systems}},
  month = {05},
  number = {26},
  pages = {1--28},
  publisher = {Springer},
  title = {{The MRS UAV System: Pushing the Frontiers of Reproducible Research, Real-world Deployment, and Education with Autonomous Unmanned Aerial Vehicles}},
  type = {article},
  volume = {102},
  year = {2021},
}

@inproceedings{baca2019timepix,
author = {Báča, Tomáš and Jilek, Martin and Manek, Petr and Štibinger, Petr and Linhart, Vladimir and Jakubek, Jan and Saska, Martin},
year = {2019},
month = {11},
pages = {},
title = {Timepix Radiation Detector for Autonomous Radiation Localization and Mapping by Micro Unmanned Vehicles},
doi = {10.1109/IROS40897.2019.8968514}
}

@INPROCEEDINGS{wilderman,
  author={Wilderman, S.J. and Clinthorne, N.H. and Fessler, J.A. and Rogers, W.L.},
  booktitle={1998 IEEE Nuclear Science Symposium Conference Record. 1998 IEEE Nuclear Science Symposium and Medical Imaging Conference (Cat. No.98CH36255)}, 
  title={List-mode maximum likelihood reconstruction of Compton scatter camera images in nuclear medicine}, 
  year={1998},
  volume={3},
  number={},
  pages={1716-1720 vol.3},
  doi={10.1109/NSSMIC.1998.773871}
}
@article{wilderman2001,
author = {Wilderman, Scott and Fessler, J.A. and Clinthorne, Neal and LeBlanc, James and Rogers, W.},
year = {2001},
month = {03},
pages = {111 - 116},
title = {Improved Modeling of System Response in List Mode EM Reconstruction of Compton Scatter Camera Images},
volume = {48},
journal = {Nuclear Science, IEEE Transactions on},
doi = {10.1109/23.910840}
}

@inproceedings{baca2021gamma,
	author = "Baca, T. and Stibinger, P. and Doubravova, D. and Turecek, D. and Solc, J. and Rusnak, J. and Saska, M. and Jakubek, J.",
	booktitle = "2021 International Conference on Unmanned Aircraft Systems (ICUAS)",
	title = "{Gamma Radiation Source Localization for Micro Aerial Vehicles with a Miniature Single-Detector Compton Event Camera}",
	year = 2021,
	month = "June",
	pages = "338--346",
	doi = "10.1109/ICUAS51884.2021.9476766",
	organization = "IEEE",
	pdf = "data/papers/ICUAS_2021_Baca.pdf",
	url = "https://ieeexplore.ieee.org/abstract/document/9476766"
}

@article{mascarich2022,
author={Mascarich, Frank and Kulkarni, Mihir and De Petris, Paolo and Wilson, Taylor and Alexis, Kostas},
title={Autonomous mapping and spectroscopic analysis of distributed radiation fields using aerial robots},
journal={Autonomous Robots},
year={2022},
month={Nov},
day={15},
issn={1573-7527},
doi={10.1007/s10514-022-10064-7},
url={https://doi.org/10.1007/s10514-022-10064-7}
}


@article{compton,
  title = {A Quantum Theory of the Scattering of X-rays by Light Elements},
  author = {Compton, Arthur H.},
  journal = {Phys. Rev.},
  volume = {21},
  issue = {5},
  pages = {483--502},
  numpages = {0},
  year = {1923},
  month = {May},
  publisher = {American Physical Society},
  doi = {10.1103/PhysRev.21.483},
  url = {https://link.aps.org/doi/10.1103/PhysRev.21.483}
}


@article{EM,
 ISSN = {00359246},
 URL = {http://www.jstor.org/stable/2984875},
 author = {A. P. Dempster and N. M. Laird and D. B. Rubin},
 journal = {Journal of the Royal Statistical Society. Series B (Methodological)},
 number = {1},
 pages = {1--38},
 publisher = {[Royal Statistical Society, Wiley]},
 title = {Maximum Likelihood from Incomplete Data via the EM Algorithm},
 urldate = {2023-01-19},
 volume = {39},
 year = {1977}
}



@article{1982_shepp_vardi_MLEM,
  author={Shepp, L. A. and Vardi, Y.},
  journal={IEEE Transactions on Medical Imaging}, 
  title={Maximum Likelihood Reconstruction for Emission Tomography}, 
  year={1982},
  volume={1},
  number={2},
  pages={113-122},
  doi={10.1109/TMI.1982.4307558}
}

@article{maxim2016, 
  title={Probabilistic models and numerical calculation of system matrix and sensitivity in list-mode Mlem 3D reconstruction of Compton Camera Images}, 
  volume={61}, 
  DOI={10.1088/0031-9155/61/1/243}, 
  number={1}, 
  journal={Physics in Medicine and Biology}, 
  author={Maxim, Voichita and Lojacono, Xavier and Hilaire, Estelle and Krimmer, Jochen and Testa, Etienne and Dauvergne, Denis and Magnin, Isabelle and Prost, Rémy}, 
  year={2015}, 
  pages={243–264}
}

@ARTICLE{stibinger2020,
  author={Štibinger, Petr and Báča, Tomáš and Saska, Martin},
  journal={IEEE Robotics and Automation Letters}, 
  title={Localization of Ionizing Radiation Sources by Cooperating Micro Aerial Vehicles With Pixel Detectors in Real-Time}, 
  year={2020},
  volume={5},
  number={2},
  pages={3634-3641},
  doi={10.1109/LRA.2020.2978456}
}





@article{fuku_compton,
author = {Yuki Sato and Yuta Terasaka and Wataru Utsugi and Hiroyuki Kikuchi and Hideo Kiyooka and Tatsuo Torii},
title = {Radiation imaging using a compact Compton camera mounted on a crawler robot inside reactor buildings of Fukushima Daiichi Nuclear Power Station},
journal = {Journal of Nuclear Science and Technology},
volume = {56},
number = {9-10},
pages = {801-808},
year  = {2019},
publisher = {Taylor & Francis},
doi = {10.1080/00223131.2019.1581111},
URL = { 
        https://doi.org/10.1080/00223131.2019.1581111
},
eprint = { 
        https://doi.org/10.1080/00223131.2019.1581111
}

}

@misc{fuku2012, title={Emergency response to the nuclear accident at the Fukushima Daiichi Nuclear Power Plants using mobile rescue robots}, volume={30}, url={http://dx.doi.org/10.1002/rob.21439}, DOI={10.1002/rob.21439}, number={1}, journal={Journal of Field Robotics}, publisher={Wiley}, author={Nagatani, Keiji and Kiribayashi, Seiga and Okada, Yoshito and Otake, Kazuki and Yoshida, Kazuya and Tadokoro, Satoshi and Nishimura, Takeshi and Yoshida, Tomoaki and Koyanagi, Eiji and Fukushima, Mineo and Kawatsuma, Shinji}, year={2012}, month={Oct}, pages={44–63}, language={en} }

@article{sanada2015,
  doi = {10.1016/j.jenvrad.2014.06.027},
  url = {https://doi.org/10.1016/j.jenvrad.2014.06.027},
  year = {2015},
  month = jan,
  publisher = {Elsevier {BV}},
  volume = {139},
  pages = {294--299},
  author = {Yukihisa Sanada and Tatsuo Torii},
  title = {Aerial radiation monitoring around the Fukushima Dai-ichi nuclear power plant using an unmanned helicopter},
  journal = {Journal of Environmental Radioactivity}
}

@article{towler2012,
  doi = {10.3390/rs4071995},
  url = {https://doi.org/10.3390/rs4071995},
  year = {2012},
  month = jul,
  publisher = {{MDPI} {AG}},
  volume = {4},
  number = {7},
  pages = {1995--2015},
  author = {Jerry Towler and Bryan Krawiec and Kevin Kochersberger},
  title = {Radiation Mapping in Post-Disaster Environments Using an Autonomous Helicopter},
  journal = {Remote Sensing}
}

@article{Jiang2015,
  doi = {10.1080/00223131.2015.1089796},
  url = {https://doi.org/10.1080/00223131.2015.1089796},
  year = {2015},
  month = oct,
  publisher = {Informa {UK} Limited},
  volume = {53},
  number = {7},
  pages = {1067--1075},
  author = {Jianyong Jiang and Kenji Shimazoe and Yasuaki Nakamura and Hiroyuki Takahashi and Yoshiaki Shikaze and Yukiyasu Nishizawa and Mami Yoshida and Yukihisa Sanada and Tatsuo Torii and Masao Yoshino and Shigeki Ito and Takanori Endo and Kosuke Tsutsumi and Sho Kato and Hiroki Sato and Yoshiyuki Usuki and Shunsuke Kurosawa and Kei Kamada and Akira Yoshikawa},
  title = {A prototype of aerial radiation monitoring system using an unmanned helicopter mounting a {GAGG} scintillator Compton camera},
  journal = {Journal of Nuclear Science and Technology}
}

@article{constrained_kmeans,
author = {Bradley, P. and Bennett, Kristin and Demiriz, Ayhan},
year = {2000},
url = {https://www.researchgate.net/publication/2458036_Constrained_K-Means_Clustering},
month = {08},
pages = {},
title = {Constrained K-Means Clustering}
}


@ARTICLE{kmeans,
  author={Lloyd, S.},
  journal={IEEE Transactions on Information Theory}, 
  title={Least squares quantization in PCM}, 
  year={1982},
  volume={28},
  number={2},
  pages={129-137},
  doi={10.1109/TIT.1982.1056489}
}
@article{nist, 
  title={Nist standard reference database 126}, 
  url={https://www.nist.gov/pml/x-ray-mass-attenuation-coefficients}, 
  journal={NIST}, 
  publisher={Gaithersburg, National Institute of Standards and Technology}, 
  author={Hubbell , J. and Seltzer, S.}, year={2004},
  doi={https://dx.doi.org/10.18434/T4D01F}
}
@phdthesis{yuemeng_feng,
 title={Modeling and regularization in tomographic reconstruction for Compton camera imaging},
 school={Universite de Lyon},
 author={Yuemeng Feng},
 year={2020},
 url={https://theses.hal.science/tel-02900652}
}

@phdthesis{lojacono2,
  TITLE = {{Image reconstruction for Compton camera with application to hadrontherapy}},
  AUTHOR = {Lojacono, Xavier},
  URL = {https://theses.hal.science/tel-01081066},
  NUMBER = {2013ISAL0126},
  SCHOOL = {{INSA de Lyon}},
  YEAR = {2013},
  MONTH = Nov,
  TYPE = {Theses},
  PDF = {https://theses.hal.science/tel-01081066/file/these.pdf},
  HAL_ID = {tel-01081066},
  HAL_VERSION = {v1},
}



@article{astronomy,
title = {A telescope for soft gamma ray astronomy},
journal = {Nuclear Instruments and Methods},
volume = {107},
number = {2},
pages = {385-394},
year = {1973},
issn = {0029-554X},
doi = {https://doi.org/10.1016/0029-554X(73)90257-7},
url = {https://www.sciencedirect.com/science/article/pii/0029554X73902577},
author = {V. Schönfelder and A. Hirner and K. Schneider},
}

@article{frandes2016,
  doi = {10.2174/1573405612666160128233916},
  url = {https://doi.org/10.2174/1573405612666160128233916},
  year = {2016},
  month = mar,
  publisher = {Bentham Science Publishers Ltd.},
  volume = {12},
  number = {2},
  pages = {95--105},
  author = {Mirela Frandes and Bogdan Timar and Diana Lungeanu},
  title = {Image Reconstruction Techniques for Compton Scattering Based Imaging: An Overview [Compton Based Image Reconstruction Approaches]},
  journal = {Current Medical Imaging Reviews}
}

@inproceedings{zoglauer,
  title={First light for the next generation of compton and pair telescopes : development of new techniques for the data analysis of combined compton and pair telescopes and their application to the MEGA prototype},
  author={Andreas Zoglauer},
  year={2005}
}
@article{MLEM_Shepp_1982,
  doi = {10.1109/tmi.1982.4307558},
  url = {https://doi.org/10.1109/tmi.1982.4307558},
  year = {1982},
  month = oct,
  publisher = {Institute of Electrical and Electronics Engineers ({IEEE})},
  volume = {1},
  number = {2},
  pages = {113--122},
  author = {L. A. Shepp and Y. Vardi},
  title = {Maximum Likelihood Reconstruction for Emission Tomography},
  journal = {{IEEE} Transactions on Medical Imaging}
}

@article{MLEM_Lange_Carlson_1984,
author = {Lange, Kenneth and Carson, Richard},
year = {1984},
month = {05},
pages = {306-316},
title = {EM Reconstruction Algorithms for Emission and Transmission Tomography},
volume = {8},
journal = {Journal of computer assisted tomography}
}

@inproceedings{MLEM_Wilderman_2000,
author = {Wilderman, Scott and Clinthorne, Neal and Fessler, J.A. and Hua, Chia-Ho and Rogers, W.},
year = {2000},
month = {02},
pages = {15/292 - 15/295 vol.2},
title = {List Mode EM Reconstruction of Compton Scatter Camera Images in 3-D},
volume = {2},
doi = {10.1109/NSSMIC.2000.950123}
}

@INPROCEEDINGS{MLEM_Wilderman_1998,
  author={Wilderman, S.J. and Clinthorne, N.H. and Fessler, J.A. and Rogers, W.L.},
  booktitle={1998 IEEE Nuclear Science Symposium Conference Record. 1998 IEEE Nuclear Science Symposium and Medical Imaging Conference (Cat. No.98CH36255)}, 
  title={List-mode maximum likelihood reconstruction of Compton scatter camera images in nuclear medicine}, 
  year={1998},
  volume={3},
  number={},
  pages={1716-1720 vol.3},
  doi={10.1109/NSSMIC.1998.773871}
}

@article{OSEM_Hudson_1994,
  doi = {10.1109/42.363108},
  url = {https://doi.org/10.1109/42.363108},
  year = {1994},
  publisher = {Institute of Electrical and Electronics Engineers ({IEEE})},
  volume = {13},
  number = {4},
  pages = {601--609},
  author = {H.M. Hudson and R.S. Larkin},
  title = {Accelerated image reconstruction using ordered subsets of projection data},
  journal = {{IEEE} Transactions on Medical Imaging}
}

@inproceedings{SOE_Andreyev_2009,
author = {Andreyev, Andriy and Sitek, Arkadiusz and Celler, Anna},
year = {2009},
month = {12},
pages = {2985 - 2988},
title = {Stochastic Image Reconstruction Method for Compton Camera},
journal = {IEEE Nuclear Science Symposium Conference Record},
doi = {10.1109/NSSMIC.2009.5401592}
}

